
@book{abdiGANenhancedConditionalEchocardiogram2019,
  title = {{{GAN}}-Enhanced {{Conditional Echocardiogram Generation}}},
  author = {Abdi, Amir H. and Tsang, Teresa and Abolmaesumi, Purang},
  year = {2019}
}
